@article{einstein,
  author =       "Albert Einstein",
  title =        "{Zur Elektrodynamik bewegter K{\"o}rper}. ({German})
                 [{On} the electrodynamics of moving bodies]",
  journal =      "Annalen der Physik",
  volume =       "322",
  number =       "10",
  pages =        "891--921",
  year =         "1905",
  DOI =          "http://dx.doi.org/10.1002/andp.19053221004"
}

@article{crush,
  author =       "Sage A. Weil, Scott A. Brandt, Ethan L. Miller, Carlos Maltzahn",
  title =        "CRUSH: Controlled, Scalable, Decentralized Placement of Replicated Data",
  year =         "2006",
  DOI =          "http://dl.acm.org/citation.cfm?id=1188582"
}

@article{lwn,
  author =       "corbet",
  title =        "Ceph: The Distributed File System Creature from the Object Lagoon",
  year =         "2010",
  DOI =          "http://lwn.net/Articles/384092/"
}

@book{latexcompanion,
    author    = "Michel Goossens and Frank Mittelbach and Alexander Samarin",
    title     = "The \LaTeX\ Companion",
    year      = "1993",
    publisher = "Addison-Wesley",
    address   = "Reading, Massachusetts"
}
 
@misc{knuthwebsite,
    author    = "Donald Knuth",
    title     = "Knuth: Computers and Typesetting",
    url       = "http://www-cs-faculty.stanford.edu/\~{}uno/abcde.html"
}

@misc{cephwiki,
    author    = "ceph(Software)",
    title     =  "Ceph wikipedia page", %\url{http://en.wikipedia.org/wiki/Ceph_(software)},
    url       = \url{http://en.wikipedia.org/wiki/Ceph_(software)}
}

@misc{cephwebsite,
    author    = "Ceph",
    title     = "ceph documentation",
    url       = "http://ceph.com/docs/master/"
}

@misc{cephpub,
    author    = "Ceph publications",
    title     = "http://ceph.com/resources/publications/",
    url       = "http://ceph.com/resources/publications/"
}

@misc{andrew,
    author    = "Jeremy Andrews",
    title     = "Ceph Distributed Network File System",
    url       = "http://kerneltrap.org/Linux/Ceph_Distributed_Network_File_System"
}
